@misc{farmer,
  author       = {Michael Farmer},
  howpublished = {[PDF]},
  title        = {{CS-481 Lecture 15: Learning and Connectionist Learning}},
  year         = {2023},
  note         = {Available: \url{https://kettering.blackboard.com/bbcswebdav/pid-861079-dt-content-rid-6079321_1/xid-6079321_1}, accessed Mar. 20, 2023}
}

@electronic{hsv,
  author = {Wikipedia},
  url    = {https://en.wikipedia.org/wiki/HSL_and_HSV},
  title  = {{HSL} and {HSV}},
  year   = {2023},
  note   = {accessed Mar. 20, 2023}
}

@electronic{matlab,
  author = {{The MathWorks, Inc.}},
  url    = {https://www.mathworks.com},
  title  = {{MATLAB version: 9.13.0 (R2022b)}},
  year   = {2022},
  note   = {accessed Mar. 20, 2023}
}

@inbook{bishop,
  author    = {Christopher M. Bishop},
  chapter   = {3},
  pages     = {182-184},
  publisher = {Springer},
  title     = {Pattern Recognition and Machine Learning},
  year      = {2006}
}
